%
%   Papers that we reference, BUT NOT any paper that uses PETSc or is about PETSc
% those belong in petscapps.bib
%
@string(AJ="Astrophysics J.")
@string{PC="Parallel Computing"}
@string(AIAAJ="AIAA J.")
@string(LAA="Linear Algebra and Applications")
@string(JCP="J. Computational Physics")
@string(JPDC="J. Parallel and Distributed Computing")
@string(ANM="Applied Numerical Mathematics")
@string{SIAPMA="SIAM J. Applied Mathematics"}
@string{SICOMP="SIAM J. Computing"}
@string{SIMAX="SIAM J. Matrix Analysis and Applications"}
@string{SINUM="SIAM J. Numerical Analysis"}
@string{SIREV="SIAM Review"}
@string{SISSC="SIAM J. Scientific and Statistical Computing"}
@string{SISC="SIAM J. Scientific Computing"}
@string{SIOPT="SIAM J. Optimization"}
@string(NumMath="Numerische Mathematik")
@string(MathComp="Mathematics of Computation")
@string(IJNMF="International J. for Numerical Methods in Fluids")
@string(Impact="Impact of Computing in Science and Engineering")
@string(CPC="Computer Physics Communications")
@string(jota = "J. Optimization Theory and Applications")
@string(ZaMM = "Zeitschrift f\:{u}r angewandte Mathematik und Mechanik")


@incollection{fjp:ima,
  AUTHOR=    "Lori Freitag and Mark Jones and Paul Plassmann",
  title = "The Scalability of Mesh Improvement Algorithms",
  booktitle = "Algorithms for Parallel Processing",
  publisher = "Springer-Verlag",
  volume = "105",
  series = "The IMA Volumes in Mathematics and Its Applications",
  editor = "Michael T.\ Heath and Abhiram Ranade and Robert S.\ Schreiber",
  year = "1998",
  pages = "185--212"
  }

@inproceedings{poet,
        AUTHOR = "Rob Armstrong and Alex Cheung",
        TITLE = "{POET} ({P}arallel {O}bject-Oriented {E}nvironment and {T}oolkit) 
       and Frameworks for Scientific Distributed Computing",
        BOOKTITLE = "Proceedings of {HICSS97}",
        YEAR = "1997",
}

@Misc{ pseware-web-page,
  author =       "",
  title =        "{PSEware} {Web} page",
  note =         "\url{http://www.extreme.indiana.edu/pseware}, Indiana University",
  key =        "{PSEware} {Web} page",
}

@Misc{ babel-web-page,
  author =       "Tom Epperly and Tamara Dahlgren and Gary Kumfert",
  title =        "{Babel} {Web} page",
  note =         "\url{http://www.llnl.gov/CASC/components/babel.html}",
}
 
@Misc{ infospheres-web-page,
  author =       "K.~M. {Chandy et al.}",
  title =        "{Infospheres} {W}eb page",
  note =         "\url{http://www.infospheres.caltech.edu}",
  key =        "{Infospheres} {Web} page",
}

@misc{ hammond,
  author =       "Glenn Hammond",
  title =        "{Sandia National Laboratory}, {C}omputations on {R}eactive {F}low, private communication"
}

@misc{ ornl,
  author = "Oak Ridge National Laboratory",
  title =        "Private communication via petsc-maint email support"
}

@Unpublished{ cumulvs-web-page,
  author =       "",
  title =        "{Cumulvs} {W}eb page",
  note =         "http://www.epm.ornl.gov/cs/cumulvs.html",
  key =        "{Cumulvs} {W}eb page",
}

@Article{cumulvs97,
  author    = "G. A. Geist and J. A. Kohl and P. M. Papadopoulos",
  title     = "{CUMULVS}: Providing Fault-Tolerance, Visualization,
                  and Steering of Parallel Applications",
  journal =   "International Journal of Supercomputing Applications",
  year      = 1997
}

@InProceedings{scirun97,
  author    = "S. G. Parker and D. W. Weinstein and C. R. Johnson",
  title     = "The {SCIRun} Computational Steering System",
  booktitle = "Modern Software Tools in Scientific Computing",
  editor    = "E. Arge and A. M. Bruaset and H. P. Langtangen",
  publisher = "Birkhauser Press",
  year      = 1997,
}

@techreport{ szyld,
 AUTHOR=    "Valeria Simoncini and Daniel B. Szyld",
 TITLE=     " Theory of Inexact Krylov Subspace Methods and Applications to Scientific Computing", 
 year      = "2002",
 institution =  "Department of Mathematics, Temple University",
 number =     "02-4-12"
}

@techreport{ pdelab,
 AUTHOR=    "S. Weerawarana and E. N. Houstis and J. R. Rice and A. C. Catlin and
             C. Crabill and C. C. Chui and S. Markus",
 TITLE=     "{PDELab}: An Object-Oriented Framework for Building Problem Solving
            Environments for {PDE} Based Applications",
 year      = 1994,
 institution =  "Department of Computer Sciences, Purdue University",
 number =     "CSD-TR-94-021"
}

@Unpublished{ilu-web-page,
  author = "Bill Janssen and Mike Spreitzer and Dan Larner and Chris Jacobi",
  title = 	 "{I}nter-{L}anguage {U}nification Reference Manual",
  note = 	 "ftp://ftp.parc.xerox.com/ilu/ilu.html, Xerox Corporation",
}

@Unpublished{doe2k-web-page,
  title = 	 "{DOE2000 Initiative} {W}eb page",
  note = 	 "http://www.mcs.anl.gov/DOE2000",
  key = 	 "DOE2000 Initiative",
}

@Misc{pvode-web-page,
  title = 	 "{PVODE} {W}eb Page",
  note = 	 "\url{http://www.llnl.gov/CASC/PVODE},
        Lawrence Livermore National Laboratory", 
  author =	 "A. {Hindmarsh et al.}",
}

@BOOK{szyperski97, 
       AUTHOR = "Clemens Szyperski",
       TITLE = "Component Software: Beyond Object-Oriented Programming",
       PUBLISHER = "ACM Press",
       address = "New York",
       YEAR = 1997
}

@Unpublished{isis++-web-page,
  title = 	 "{ISIS++} {W}eb Page",
  note = 	 "http://ca.sandia.gov/isis",
  author =	 "Robert L. Clay and Kyran Mish and Alan B. Williams",
  Institution = "Sandia National Laboratories",
}

@Unpublished{flash-web-page,
  title = 	 "{U}niversity of {C}hicago {C}enter on {A}strophysical
                  {T}hermonuclear {F}lashes {W}eb Page",
  note = 	 "http://www.asci.uchicago.edu",
  author =       "R. {Rosner et al.}",
  Institution = "University of Chicago",
}

@Unpublished{esi-web-page,
  title = 	 "{E}quation {S}olver {I}nterface {F}orum {W}eb Page",
  note = 	 "http://z.ca.sandia.gov/esi",
  author =       "R. {Clay et al.}",
}

@Unpublished{infobus-web-page,
  title = 	 "{I}nfo{B}us {W}eb Page",
  note = 	 "http://www.java.sun.com/beans/infobus",
  key =          "infobus"
}

@Unpublished{xray-web-page,
  title = 	 "{S}upercomputer {S}olution of {M}assive
                  {C}rystallographic and {M}icrotomographic {S}tructural {P}roblems {W}eb Page ({DOE} Grand Challenge Project)",
  note = 	 "http://www.mcs.anl.gov/xray/",
  Institution = "Argonne National Laboratory",
}



@INPROCEEDINGS{ kohn98,
 AUTHOR=    "Andrew Cleary and Scott Kohn and Steven Smith and Brent Smolinski",
 TITLE=     "Language Interoperability Mechanisms for High-Performance Scientific Applications",
 PUBLISHER= "SIAM",
 BOOKTITLE= "Proceedings of the SIAM Workshop on Object Oriented Methods for
                Inter-operable Scientific and Engineering Computing",
 year      = 1999,
 pages     = "30-39"
}

@INPROCEEDINGS{ kohn01,
 AUTHOR=    "Scott Kohn and Gary Kumfert and Jeff Painter and Cal Ribbens",
 TITLE=     "Divorcing Language Dependencies from a Scientific Software Library",
 PUBLISHER= "SIAM",
 BOOKTITLE= "Proceedings of the Tenth SIAM Conference on Parallel Processing",
 year      = 2001,
}


@INPROCEEDINGS{ freitag_jones_plassmann98,
 AUTHOR=    "Lori Freitag and Mark Jones and Paul Plassmann",
 TITLE=     "Component Integration for Unstructured Mesh Algorithms and Software",
 PUBLISHER= "SIAM",
 BOOKTITLE= "Proceedings of the SIAM Workshop on Object Oriented Methods for
                Inter-operable Scientific and Engineering Computing",
 year      = 1999,
 pages     = "215-224",
}

@BOOK{templates, 
       AUTHOR = {R. Barrett and M. Berry and T. F. Chan and J. Demmel and J. Donato and J. Dongarra and V. Eijkhout
       and R. Pozo and C. Romine and H. Van der Vorst }, 
       TITLE = {Templates for the Solution of Linear Systems: Building Blocks for Iterative Methods}, 
       PUBLISHER = {SIAM}, 
       YEAR = {1994}, 
       ADDRESS = {Philadelphia, PA}
 } 

@InProceedings{parasha2,
     author = {M. Parashar and J. C. Browne and C. Edwards and K. Klimkowski},
     title = { A Common Data Management Infrastructure for Parallel Adaptive 
               Algorithms for {PDE} Solutions},
     booktitle = {SC97 Proceedings},
    publisher = "IEEE Computer Society Press",
     year = {1997}
}

@TECHREPORT{parasha,
        AUTHOR="M. Parashar and J. C. Browne",
        TITLE="{DAGH}: A Data-Management Infrastructure for Parallel
                  Adaptive Mesh Refinement Techniques",
        INSTITUTION="Department of Computer Science, University of
                  Texas at Austin",
        YEAR="1995"
                }

@Article{parti,
  author =       {R. Das and M. Uysal and J. Saltz and Y. S. Hwang}, 
  title =        {Communication Optimizations for Irregular
                  Scientific Computations on Distributed Memory Architectures},
  journal =      {Journal of Parallel and Distributed Computing},
  year =         {1994},
  volume =       {22},
  pages =        {462--478}
}

@Article{mparti,
  author =       {G. Agrawal and A. Sussman and J. Saltz}, 
  title =        {An Integrated Runtime and Compile-time Approach for
                  Parallelizing Structured and Block Structured Applications},
  journal =      {IEEE Trans. on Parallel and Distributed Systems},
  volume =       {6},
  number =       {7},
  year =         "1995"
}

@Article{gropp-lusk-doss-skjellum,
  author =       { William Gropp and Ewing Lusk and Nathan Doss and Anthony
                  Skjellum}, 
  title =        {A high-performance, portable implementation of the {MPI}
                  Message Passing Interface standard},
  journal =      {Parallel Computing},
  year =         1996,
  volume =       22,
  pages =        {789--828}
}

@InProceedings{lam,
  author    = "Greg Burns and Raja Daoud and James Vaigl",
  title     = "{LAM}: An Open Cluster Environment for {MPI}",
  booktitle = "Proceedings of Supercomputing Symposium '94",
  editor    = "John W. Ross",
  publisher = "University of Toronto",
  pages     = "379--386",
  year      = 1994,
}


@Article{cs99,
  author    = "X.-C. Cai and M. Sarkis",
  title     = "A restricted additive {S}chwarz preconditioner for general sparse linear systems",
  journal =   SISC,
  year      = "1999",
  volume    = "21",
  pages     = "792-797"
}

@TechReport( cs97a,
    AUTHOR  = "X.-C. Cai and M. Sarkis", 
    TITLE   = "A restricted additive {S}chwarz preconditioner for general sparse linear systems ",
    YEAR    = 1997,
    Institution  = "Computer Science Department, 
University of Colorado-Boulder",
    Number = "CU-CS 843-97",
    Note= "(accepted by SIAM J. of Scientific  Computing)"
    )

@TECHREPORT{caisaad,
        AUTHOR="Xiao-Chuan Cai and Youcef Saad",
        TITLE="Overlapping domain decomposition algorithms for
               general sparse matrices",
        INSTITUTION="Army High Performance Computing
                     Research Center, University of Minnesota ",
        YEAR="1993",
        NUMBER="Preprint 93-027 ",
        NOTE= "SIAM J. Sci. Comp. (submitted)"
                }

@BOOK{ruminations,
      AUTHOR="Andrew Koenig and Barbara Moo",
      TITLE="Ruminations on C++",
      YEAR="1996",
      PUBLISHER="Addison-Wesley"
      }

@BOOK{mpi-complete,
      AUTHOR="Marc Snir and Steve Otto and Steven Huss-Lederman and David
                  Walker and Jack Dongarra",
      TITLE="{MPI}: The Complete Reference",
      YEAR="1995",
      PUBLISHER="MIT Press"
      }
		  

@Unpublished{ tcl-tk-web-page,
  title = 	 "{Tcl/Tk} {W}orld {W}ide {W}eb page",
  note = 	 "http://www.sunlabs.com/research/tcl/",
  year =	 1996,
  month =	 Aug
}

@Unpublished{ mpich-web-page,
  author =       "William Gropp and Ewing Lusk",
  key =          "MPICH",
  title = 	 "{MPICH} {W}eb page",
  note = 	 "http://www.mcs.anl.gov/mpi/mpich",
}

@Unpublished{ alice-web-page,
  title = 	 "{ALICE} {W}eb page",
  note = 	 "http://www.mcs.anl.gov/\-alice, 
        Mathematics and Computer Science Division, Argonne National Laboratory", 
  key  = 	 "{ALICE} {W}eb page",
}

@Article{ MPI-final, 
	Title = "{MPI}: A Message-Passing Interface Standard",
        Journal = "International J. Supercomputing Applications",
        Volume  = 8, 
	Number = "3/4",
	Year = 1994, 
	Key = "MPI Standard - final"
}

@Unpublished{ npb-web-page,
  key =          "NAS Parallel Benchmarks",
  title = 	 "{NAS} {P}arallel {B}enchmarks {W}eb page",
  note = 	 "http://www.nas.nasa.\-gov/\-NAS/\-NPB/\-index.html",
  year =	 1996,
  month =	 Dec
}



@book{ george81,
	TITLE = "Computer Solution of Large Sparse Positive Definite Systems",
	AUTHOR= "Alan George and Joseph W. Liu",
	PUBLISHER = "Prentice-Hall",
	YEAR      = 1981,
	KEY       = "SparseDirect"
        }

@book{ p4-book,
	TITLE     = "Portable Programs for Parallel Processors",
	PUBLISHER = "Holt, Rinehart, {and} Winston",
	YEAR      = 1987,
	AUTHOR    = "James Boyle and Ralph Butler and Terrence Disz and 
	             Barnett Glickfeld and Ewing Lusk and Ross Overbeek and
		     James Patterson and Rick Stevens",
	KEY       = "P4Book"
        }

@Article{p4-paper,
  author = 	"Ralph Butler and Ewing Lusk",
  title = 	"Monitors, Messages, and Clusters:  {T}he p4 Parallel
		 Programming System",
  journal = 	"Journal of Parallel Computing",
  note = 	"To appear (Also Argonne National Laboratory Mathematics and
                 Computer Science Division preprint P362-0493)",
  Year =        1993
}

@TechReport(picl,
    Author=      "G.~A.~Geist and Michael~T.~Heath and B.~W.~Peyton and 
	          Patrick~H.~Worley",
    Title=       "{PICL}: A portable instrumented communications library",
    Institution= "Oak Ridge National Laboratory",
    Number=      "TM-11130",
    Year=        "1990",
    Key=         "PICL")


@TechReport( upshot,
    Author=      "Virginia Herrarte and Ewing Lusk",
    Title=       "Studying Parallel Program Behavior with {U}pshot",
    Institution= "Argonne National Laboratory",
    Number=      "ANL-91/15",
    Month=       AUG,
    Year=        "1991",
    Key=         "Upshot" )

@TechReport( p4-manual,
    Author=      "Ralph Butler and Ewing Lusk",
    Title=       "User's Guide to the p4 Parallel Programming System",
    Institution= "Argonne National Laboratory",
    Number=      "ANL-92/17",
    Month=       Oct,
    Year=        "1992",
    Key=         "p4-Manual" )

@inproceedings{oldparti,
    Author    =      "Gagan Agrawal and Alan Sussman and Joel Saltz",
    Title     =       "Compiler and Runtime Support for Unstructured and Block
                  Structured Problems",
    BOOKTITLE = "Proceedings of Supercomputing '93",
    pages     = "578--587",
    YEAR      = "1993"
}

@article{parti2,
    Author    =      "S. S. Mukherjee and S. D. Sharma and
                      M. DF. Hill and J. R. Larus and A. Rogers and J. Saltz",
    Title     =       "Efficient Support for Irregular Applications on
                  Distributed Memory Machines",
    journal   = "ACM SIGPLAN Notices",
    YEAR      = "1995",
    pages     = "68-79",
    volume    = "30",
    number    = "8"
}


@article{parti3,
    Author    =      "J. Saltz and R. Mirchandaney and K. Crowley",
    Title     =       "Run-Time Parallelization and Scheduling of Loops",
    journal   = "IEEE Trans. Computers",
    YEAR      = "1991",
    pages     = "604-612",
    volume    = "40",
    number    = "5"
}

@inproceedings{disz-lusk:wamtrace,
	AUTHOR = "Terrence Disz and Ewing Lusk",
	TITLE = "A Graphical Tool for Observing the Behavior of Parallel
 		Logic Programs",
	BOOKTITLE = "Proceedings of the 1987 Symposium on Logic Programming",
	YEAR = "1987",
	PAGES = "46--53"
}
@inproceedings{gorlick-kesselman:gauge,
	AUTHOR = "Michael Gorlick and Carl Kesselman",
	TITLE = "Timing {Prolog} programs without Clocks",
	BOOKTITLE = "Proceedings of the 1987 Symposium on Logic Programming",
	YEAR = "1996",
        publisher = "Birkhauser"
}


@TechReport( aztec,
    Author = "Scott A. Hutchinson and John N. Shadid and Ray S. Tuminaro",
    Title  = "Aztec User's Guide Version 1.1",
    Institution = "Sandia National Laboratories",
    Month  = Oct,
    Year   = 1995,
    Number = "SAND95/1559"
    )

@Book{taylor-chandy:pcn,
    Author = "Chandy, M. and Taylor, S.",
    Title = "An Introduction to Parallel Programming",
    Year = 1991,
    Publisher = "Jones and Bartlett"}

@Book{foster-taylor:strand,
    Title = "Strand:  New Concepts in Parallel Programming",
    Author = "Ian Foster and Stephen Taylor",
    Publisher = "Prentice-Hall",
    Adress = " Englewood Cliffs, New Jersey",
    Year = 1990}

@article{aurora,
	AUTHOR = "E. Lusk and R. Butler and T. Disz and R. Olson and 
		R. Overbeek and R. Stevens and D.H.D. Warren and
		A. Calderwood and P. Szeredi and S. Haridi and 
		P. Brand and M. Carlsson and A. Ciepielewski and
		B. Hausman",
	TITLE = "The Aurora OR-Parallel Prolog System",
	JOURNAL = "New Generation Computing",
	VOLUME = 7,
	NUMBER = 3,
	YEAR = 1990,
	PAGES = "243--271"
}

@Techreport{roo,
    Author = "E. Lusk and W. McCune and J. Slaney",
    Title = "Roo---a Parallel Theorem Prover",
    Institution = "Argonne National Laboratory",
    Number = "MCS--TM--149",
    Year = 1991}

@Techreport{heath-etheridge:vppp,
    Author = "M. T. Heath and J. A. Etheridge",
    Title = "Visualizing the Performance of Parallel Programs",
    Institution = "Oak Ridge National Laboratory",
    Number = "ORNL TM-11813",
    Year = 1991}


@Techreport{chem:vis,
  Author = "Ewing L. Lusk",
  Title = "Performance Visualization for Parallel Programs",
  Institution = "Argonne National Laboratory",
  Number = "ANL/MCS--P287--0192",
  Year = 1991,
  Note = "(to appear in {\em Theoretica Chimica Acta})"
  }

@Techreport{picltrace,
    Author = "P.~H.~Worley",
    Title = "A new {PICL} trace file format",
    Institution = "Oak Ridge National Laboratory",
    Number = "ORNL TM-12125",
    Month  = JUN,
    Year = 1992}

@inproceedings{hideo,
	AUTHOR = "Gary Olsen and Carl Woese and Ray Hagstrom and Hideo Matsuda
		  and Ross Overbeek",
	TITLE = "Inference of Phylogenetic trees using maximum likelihood",
	BOOKTITLE = "Proceedings of the First Intel Delta Applications 
		     Workshop",
	YEAR = "1992",
	PAGES = "247--262"
}

@InProceedings(DW90,
    Author=      "M. Dryja and O. Widlund",
    Title=       "Towards a Unified Theory of Domain Decomposition Algorithms
                  for Elliptic Problems",
    Booktitle=   "Third International Symposium on Domain Decomposition
                  Methods",
    Editor=      "T. F. Chan and R. Glowinski 
                 and J. P\'eriaux and O. B. Widlund",
    Year=        "1990",
    Pages=       "3-21",
    Publisher=   "SIAM",
    Address=     "Philadelphia",
    Annote=      "Additive {S}chwarz.  Surveys recent (1989) results; some
		  comments on 3-d and how many approaches may be cast in 
		  the form of additive {S}chwarz-subspace form.  58 
	          references, good introduction to the theory.  No
	          computations",
    Key=         "DryjaWidlund90 !AS")

@UnPublished(rosing,
    Author=    "Matt Rosing and Joel Saltz",
    Title=     "Low Latency Messages on Distributed Memory Multiprocessors",
    Key=       "LowLatency",
    Note=      "manuscript, 1992")

@techreport{jp:incomplete,
         AUTHOR = "Mark T. Jones and Paul E. Plassmann",
        TITLE = "An Improved Incomplete {C}holesky Factorization",
        INSTITUTION = "Argonne National Laboratory",
        ADDRESS = "Argonne, IL",
        TYPE = "Preprint",
        NOTE = "(to appear in {\em ACM Trans. on Mathematical Software, 1995})",
        NUMBER = "MCS-P206-0191",
        YEAR = "1991",
	KEY = "jones" }

@incollection{jp:ima,
  AUTHOR = jp,
  title = "The Efficient Parallel Iterative Solution
  of Large Sparse Linear Systems",
  booktitle = "Graph Theory and Sparse Matrix Computation",
  publisher = "Springer-Verlag",
  series = "The IMA Volumes in Mathematics and Its Applications",
  editor = "Alan George and John Gilbert and Joseph W.H.~Liu",
  volume = "56",
  year = "1993",
  pages="229--245"
  }

@Article{ ew94,
  AUTHOR = "S. C. Eisenstat and H. F. Walker",
  TITLE = "Choosing the forcing terms in an inexact {N}ewton method", 
  journal =	 "SIAM J. Sci. Stat. Comput.",
  year =	 1996,
  volume =	 17,
  pages =	 "16--32"
}

@Article{ pw98,
  AUTHOR = "M. Pernice and H. F. Walker",
  TITLE = "{NITSOL}: A Newton Iterative Solver for Nonlinear Systems",
  journal =	 "SIAM J. Sci. Stat. Comput.",
  year =	 1998,
  volume =	 19,
  pages =	 "302--318"
}

@TechReport( ysmp83,
    KEY       =   "Eisenstat",
    AUTHOR    =   "S.~C.~Eisenstat and H.~C.~Elman and M.~H.~Schultz and
		  A.~H.~Sherman",
    TITLE     =   "The (New) {Y}ale {S}parse {M}atrix {P}ackage",
    INSTITUTION=  "Department of Computer Science, Yale University",
    NUMBER    =   "YALE/DCS/RR-265",
    MONTH     =    APR,
    YEAR      =   "1983"
    )

@TechReport{ sparsekit,
    KEY       = "Saad",
    AUTHOR    = "Youcef Saad",
    TITLE     = "{SPARSKIT}, a basic tool kit for sparse matrix computations",
    INSTITUTION= "Center for Supercomputing Research and Development, 
	          University of Illinois at Urbana-Chanpaign",
    NUMBER    = "1029",
    YEAR      = 1990
    }

@TechReport( pde-user-ref,
    Author = "Barry F. Smith",
    Title  = "Extensible {PDE} Solvers Package Users Manual",
    Institution = "Argonne National Laboratory",
    Month  = SEP,
    Year   = 1994,
    Number = "ANL-93/40",
    Key    = "Smith94 ! PDE"
    )

@TechReport( bs-user-ref,
    Author = "Mark T. Jones and Paul E. Plassmann",
    Title  = "{BlockSolve95} Users Manual: Scalable Library Software for
                  the Parallel Solution of Sparse Linear Systems",
    Institution = "Argonne National Laboratory",
    Month  = DEC,
    Year   = 1995,
    Number = "ANL-95/48"
    )

@TechReport( snes-user-ref,
    Author = "William D. Gropp and Lois Curfman McInnes and Barry F. Smith",
    Title  = "Using the {S}calable {N}onlinear {E}quations {S}olvers Package",
    Institution = "Argonne National Laboratory",
    Month  = Feb,
    Year   = 1995,
    Number = "ANL/MCS-TM-193",
    Key    = "GroppMcInnesSmith95 ! SNES"
    )

@TechReport( sles-user-ref,
    Author = "William D. Gropp and Barry F. Smith",
    Title  = "{S}implified {L}inear {E}quation {S}olvers Users Manual",
    Institution = "Argonne National Laboratory",
    Month  = MAR,
    Year   = 1993,
    Number = "ANL-93/8",
    Key    = "GroppSmith93 ! SLES"
    )
@TechReport( chameleon-user-ref,
    Author = "William D. Gropp and Barry F. Smith",
    Title  = "Chameleon Parallel programming tools Users Manual",
    Institution = "Argonne National Laboratory",
    Month  = MAR,
    Year   = 1993,
    Number = "ANL-93/23",
    Key    = "GroppSmith93 ! Chameleon"
    )

@TechReport( ksp-user-ref,
    Author = "William D. Gropp and Barry F. Smith",
    Title  = "Users Manual for {KSP}: Data-Structure-Neutral Codes Implementing {K}rylov Space Methods",
    Institution = "Argonne National Laboratory",
    Month  = AUG,
    Year   = 1993,
    Number = "ANL-93/30",
    Key    = "GroppSmith93 ! KSP"
    )


@TechReport( mpi-chameleon, 
    Author = "William D. Gropp and Ewing Lusk",
    Title  = "A Test Implementation of the {MPI} Draft Message-Passing 
	     Standard",
    Institution = "Argonne National Laboratory",
    Month  = DEC,
    Year   = 1992,
    Number = "ANL-92/47",
    Key    = "GroppLusk92 ! MPI"
    )

@TechReport( blockcomm-fortran,
    Author = "William D. Gropp",
    Title  = "Block{C}omm for {F}ortran",
    Institution = "Argonne National Laboratory",
    Month  = MAY,
    Year   = 1993,
    Number = "ANL-93/00 (to appear)",
    Key    = "Gropp93 ! BlockComm"
    )

@TechReport( autodocument,
    Author = "William D. Gropp",
    Title  = "Automatic documentation of {C} programs",
    Institution = "Argonne National Laboratory",
    Month  = MAY,
    Year   = 1993,
    Number = "ANL-93/00",
    Key    = "Gropp93 ! Autodoc"
    )

@TechReport( zipcode,
    Author = "Anthony Skjellum and Steven G. Smith and Charles H Still and
Alvin P. Leung and Manfred Morari",
    Title  = "The {Z}ipcode message-passing system",
    Institution = "Lawrence Livermore National Laboratory",
    Month  = SEP,
    Year   = 1992,
    Number = "Unpublished",
    Key    = "Skjellum92 ! Zipcode" )

@Article( paragraph,
    Author = "Michael T. Heath and Jennifer Etheridge Finger",
    Title  = "Visualizing performance of parallel programs",
    Journal = "IEEE Software",
    Volume  = 8,
    Number  = 5,
    Month   = SEP,
    Year    = 1991,
    Pages   = "29--39",
    Key     = "Heath91 ! Paragraph" )

@article( gropp90,
    Author = "William Gropp and Edward Smith",
    Title  = "Computational Fluid Dynamics on Parallel Processors",
    Journal = "Computers and Fluids",
    Volume  = 18,
    Year    = 1990,
    Pages   = "289--304",
    Key     = "Gropp90 ! performance" )

@article( foster92,
    Author = "Ian Foster and William Gropp and Rick Stevens",
    Title  = "The parallel scalability of the spectral transform method",
    Journal = "Monthly Weather Review",
    Volume  = 120,
    Year    = 1992, 
    Pages   = "835--850",
    Key     = "Foster92 ! performance" )

@INBOOK{fgn,
        AUTHOR="R. Freund and G. H. Golub and N. Nachtigal",
        TITLE="Iterative Solution of Linear Systems",
        SERIES="Acta Numerica",
        YEAR="1992",
        PUBLISHER="Cambridge University Press",
        PAGES="57--100"
                }

@TechReport( nachtigal90,
    Author = "No{\"e}l M. Nachtigal and Satish C. Reddy and Lloyd N. Trefethen",
    Title  = "How Fast are Nonsymmetric Matrix Iterations?",
    Institution = "Massachusetts Institute of Technology",
    Month  = MAR,
    Year   = 1990,
    Number = "90-2",
    Key    = "Nachtigal | Krylov" 
    )

@Article{ vorst92,
  author = 	 "H. van der Vorst",
  title = 	 "Bi-{CGSTAB}: A fast and smoothly converging varient of
		  {Bi-CG} for the solution of nonsymmetric linear systems",
  journal =	 "SIAM J. Sci. Stat. Comput.",
  year =	 1992,
  volume =	 13,
  pages =	 "631--644"
}

@Article{ eisenstat81,
  author = 	 "S. Eisenstat",
  title = 	 "Efficient Implementation of a Class of {CG} Methods",
  journal =	 "SIAM J. Sci. Stat. Comput.",
  year =	 1981,
  volume =	 2,
  pages =	 "1--4"
}
n
@Manual( ibm-essl,
    Title = "{E}ngineering and {S}cientific {S}ubroutine {L}ibrary Version 2:
Guide and Reference",
    Organization = "IBM",
    Year  = 1992,
    Key   = "IBM-ESSL"
    )

@Manual( IBM-EUI,
    Title = "{IBM} {AIX} Parallel Environment Parallel Programming Subroutine
Reference Release 2.0",
    Organization = "IBM",
    Month = JUN,
    Year  = 1994,
    Key   = "IBM-EUI"
    )

@Manual( IBM-EUIH,
    Title = "Using {EUIH}: An Experimental {EUI} Implementation",
    Organization = "IBM",
    Author = "Peter Hochschild",
    Year  = 1993,
    Key   = "IBM-EUIH"
    )

@TechReport{ MPI, 
	Title = "Document for a Standard Message-Passing Interface",
	Author = "Message Passing Interface Forum",
	Institution =  "University of Tennessee", 
	Number = "CS-93-214",
	Month  = NOV,
	Year = 1993, 
	Key = "MPI Standard"
}

@Unpublished{ mpi-final-web,
  author = 	 "Message Passing Interface Forum",
  title = 	 "{MPI}: A Message-Passing Interface Standard",
  note = 	 "http://www.mcs.anl.gov/mpi/mpi-report/mpi-report.html",
  year =	 1994,
  month =	 MAY
}


@Book{hockney-jesshope,
  author = 	 "R. W. Hockney and C. R. Jesshope",
  title = 	 "Parallel Computers 2",
  publisher = 	 "Adam Hilger",
  year = 	 "1988"
}

@Book{cm-fortran,
  author = 	 "{Thinking Machines Corporation}",
  title = 	 "Users Manual for CM-Fortran",
  publisher = 	 "Thinking Machines Corporation",
  year = 	 1993
}

@TechReport{ Chang93,
	Title = "Experiments and Bounds on Block Diagonal Preconditioning",
	Author = "Mark Yan-Ming Chang and Martin H. Schultz",
	Institution = "Yale Department of Computer Science",
	Number = "YALEU/DCS/RR-994", 
	Month  = NOV,
	Year   = 1993,
	Key    = "BDD|diag" }

@inproceedings{gropplevine93,
	AUTHOR = "N. Galbreath and W. Gropp and D. Levine",
	TITLE = "Applications-Driven Parallel {I/O}", 
	BOOKTITLE = "Proceedings of Supercomputing '93",
	YEAR = "1993",
	PAGES = "462--471"
}

@book{ Siegle85,
AUTHOR = "H. J. Siegel",
TITLE  = "Interconnection Networks for Large Scale Parallel Processing",
PUBLISHER = "Lexington Books",
YEAR      = 1985,
KEY       = "Network Comparison"
}
 
@article{ Lawrie75,
AUTHOR = "D. H. Lawrie",
TITLE  = "Access and alignment of data in an array processor",
JOURNAL = "IEEE Transactions on Computers", 
VOLUME  = "C-24", 
NUMBER  = 12,
MONTH   = DEC,
YEAR    = 1975,
PAGES   = "1145--1155",
KEY     = "Omega Network"
}

@book{ Lamport86,
AUTHOR = "Leslie Lamport",
TITLE  = "{LaTeX}: A document preparation system",
PUBLISHER = "Addison-Wesley",
YEAR      = 1986,
KEY       = "Latex Manual"
}

@TechReport( tohtml,
    Author=      "William Gropp",
    Title=       "Users Manual for tohtml: Producing true hypertext 
documents from {LaTeX}",
    Institution= "Argonne National Laboratory",
    Number=      "ANL/MCS-TM-00",
    Month=       JAN,
    Year=        "1995",
    Key=         "tohtml" )

@TechReport( doctext,
    Author=      "William Gropp",
    Title=       "Users Manual for doctext:
Producing documentation from {C} source code",
    Institution= "Argonne National Laboratory",
    Number=      "ANL/MCS-TM-00",
    Month=       JAN,
    Year=        "1995",
    Key=         "doctext" )

@TechReport( bfort,
    Author=      "William Gropp",
    Title=       "Users Manual for bfort:
Producing {F}ortran interfaces to {C} source code",
    Institution= "Argonne National Laboratory",
    Number=      "ANL/MCS-TM-208",
    Month=       MAR,
    Year=        "1995",
    Key=         "doctext" )


@InProceedings{ gropp-lusk:unix-tools,
    Author=     "William Gropp and Ewing Lusk",
    Title=      "Scalable {U}nix Tools on Parallel Processors", 
    Booktitle=  "Proceedings of the 1994 Scalable High Performanc Computing
		  Conference",
    Publisher=  "IEEE",
    Pages    =  "56--62"
    }

@inproceedings{jp:bell_prize,
    AUTHOR = jp,
    TITLE = "Solution of Large, Sparse Systems of Linear Equations
    in Massively Parallel Applications",
    booktitle = "Proceedings of Supercomputing '92",
    publisher = "IEEE Computer Society Press",
    YEAR = "1992",
    Pages = "551--560"
    }
  

@comment{WEB, CWEB references (for doctext)}
@TechReport{ web,
  author = 	 "Donald E. Knuth",
  title = 	 "The {\tt WEB} system of structured documentation",
  institution =  "Computer Science Department, Stanford University",
  year = 	 1983,
  number =	 980,
  month =	 SEP
}

@Article{ literatepgm,
  author = 	 "Donald E. Knuth",
  title = 	 "Literate Programming",
  journal =	 "Computer Journal",
  year =	 1984,
  volume =	 27,
  number =	 2,
  pages =	 "91--111"
}

@Unpublished{ cweb-code,
  author = 	 "Silvio Levy and Donald E. Knuth",
  title = 	 "CWEB",
  note = 	 "CWEB is available at ftp://pip.shsu.edu/tex-archive/web/c_cpp/cweb"
}

@Article( componentware:94,
    AUTHOR  = "Jon Udell",
    TITLE   = "Componentware",
    JOURNAL = "Byte",
    VOLUME  = "May",
    PAGES   = "46-56",
    YEAR    = 1994,
    KEY     = "Udell94 ! componentware"
    )

@article{jp:scalable,
  AUTHOR = jp,
  TITLE = "Scalable Iterative Solution of Sparse Linear Systems",
  Journal = "Parallel Computing",
  Volume = "20",
  Number = "5",
  Month = "May",
  YEAR = "1994",
  Pages = "753--773"
  }

@article{jp:pcolor,
  AUTHOR = "Mark T. Jones and Paul E. Plassmann",
  Title = "A Parallel Graph Coloring Heuristic",
  journal = "SIAM J. Sci. Comput.",
  Volume = "14",
  Number = "3",
  Pages = "654-669",
  Year = "1993",
  }

@TechReport( block_solve,
    AUTHOR      = "Mark T. Jones and Paul E. Plassmann",
    TITLE       = "{B}lock{S}olve v1.1:  Scalable Library Software for
                   the Parallel Solution of Sparse Linear Systems",
    INSTITUTION = "Argonne National Laboratory",
    YEAR        = 1992,
    NUMBER      = "ANL-92/46",
    KEY     = "JonesPlassmann92 ! block_solve"
    )

@book{ optguide93,
   TITLE	= "Optimization Software Guide",
   AUTHOR	= "Jorge J. Mor\'{e} and Stephen J. Wright",
   PUBLISHER	= "SIAM Publications",
   ADDRESS	= "Philadelphia",
   YEAR		= 1993,
   }

@inproceedings{ more84,
   AUTHOR	= "Jorge J. Mor\'{e} and Danny C. Sorenson and
		   Burton S. Garbow and Kenneth E. Hillstrom",
   TITLE	= "The {MINPACK} Project",
   BOOKTITLE	= "Sources and Development of Mathematical Software",
   EDITOR	= "Wayne R. Cowell",
   YEAR		= 1984,
   PAGES	= "88-111"
   }

@inproceedings{ supercond,
   AUTHOR	= "Lois Curfman Mc{I}nnes and Mario Palumbo",
   TITLE	= "Parallel Solution of the Anisotropic 
		   {G}inzburg-{L}andau Model",
   BOOKTITLE	= "Proceedings of the Toward Teraflop Computing and New 
		   Grand Challenge Applications Conference",
   MONTH	= Feb,
   YEAR		= "1994",
   KEY     	= "McInnesPalumbo94 ! superconductivity "
   }

@Article( steihaug:83,
    AUTHOR  = "Trond Steihaug",
    TITLE   = "The Conjugate Gradient Method and Trust Regions in
               Large Scale Optimization",
    JOURNAL = "SIAM J. Numer. Anal.",
    VOLUME  = 20,
    YEAR    = 1983,
    PAGES   = "626-637",
    KEY     = "steihaug92 ! trust_region" 
    )

@Unpublished( preosti:93,
    AUTHOR  = "Gianfranco Preosti",
    TITLE   = " ",
    NOTE    = "Unpublished information, {P}hysics {D}epartment,
               {P}urdue {U}niversity",
    YEAR    = 1993,
    KEY     = "preosti93 ! GL-tilt3d" 
    )

@Unpublished( more:93,
    AUTHOR  = "Jorge J. Mor\'{e}",
    TITLE   = " ",
    NOTE    = "Unpublished information, {M}athematics and
               {C}omputer {S}cience {D}ivision,
               {A}rgonne {N}ational {L}aboratory",
    YEAR    = 1993,
    KEY     = "more93 ! MINPACK-2" 
    )

@TechReport( minpack2test,
    AUTHOR      = "Brett M. Averick and Richard G. Carter and
                   Jorge J. Mor\'{e}",
    TITLE       = "The {MINPACK-2} Test Problem Collection",
    INSTITUTION = "Argonne National Laboratory",
    YEAR        = 1991,
    NUMBER      = "ANL/MCS-TM-150",
    KEY     = "more91 ! MINPACK-2"
    )

@TechReport{ hohmann:94,
    AUTHOR      = "Andreas Hohmann",
    TITLE       = "Object Oriented Design of Multilevel {N}ewton and 
		   Continuation Methods",
    INSTITUTION = "Konrad-Zuse-Zentrum fur Informationstechnik Berlin",
    YEAR        = 1994,
    NUMBER      = "SC-94-4",
    KEY         = "Hohmann94"
    }

@TechReport{ meza:94,
    AUTHOR      = "Juan C. Meza",
    TITLE       = "{OPT}++:  An Object-Oriented Class Library for 
		  Nonlinear Optimization",
    INSTITUTION = "Sandia National Laboratory",
    YEAR        = 1994,
    NUMBER      = "SAND94-8225",
    KEY         = "Meza94"
    }

@book{ dennis:83,
   AUTHOR       = "Dennis Jr., J. E. and Robert B. Schnabel",
   TITLE        = "Numerical Methods for Unconstrained Optimization and
                   Nonlinear Equations",
   PUBLISHER    = "Prentice-Hall, Inc.",
   ADDRESS      = "Englewood Cliffs, NJ",
   YEAR         = 1983}
   }

@TechReport{ more:92,
    AUTHOR      = "Jorge J. Mor\'{e} and David Thuente",
    TITLE       = "Line search algorithms with guaranteed sufficient decrease",
    INSTITUTION = "Mathematics and Computer Science Division, Argonne National Laboratory",
    YEAR        = 1992,
    NUMBER      = "MCS-P330-1092",
    }

@Article{ brownsaad:90,
  author = 	 "Peter N. Brown and Youcef Saad",
  title = 	 "Hybrid {K}rylov Methods for Nonlinear Systems of Equations",
  journal =	 "SIAM J. Sci. Stat. Comput.",
  year =	 1990,
  volume =	 11,
  pages =	 "450-481"
}

@Book{using-mpi,
  author = 	 "William Gropp and Ewing Lusk and Anthony Skjellum",
  title = 	 "Using MPI: Portable Parallel Programming with the Message
		  Passing Interface",
  publisher = 	 "MIT Press",
  year = 	 1994
}


@article{hs:52,
   author="Magnus R. Hestenes and Eduard Steifel",
   title="Methods of Conjugate Gradients for Solving Linear Systems",
   journal="J. Research of the National Bureau of Standards",
   year=1952,
   volume=49,
   pages="409-436"}

@article{ss:86,
   author="Youcef Saad and Martin H. Schultz",
   title="{GMRES}:  A Generalized Minimal Residual Algorithm 
           for Solving Nonsymmetric Linear Systems",
   journal = "SIAM J. Sci. Stat. Comput.",
   year=1986,
   volume=7,
   pages="856-869"}

@article{so:89,
   author="Peter Sonneveld",
   title="{CGS}, A Fast {L}anczos-type Solver for Nonsymmetric Linear 
          Systems",
   journal = "SIAM J. Sci. Stat. Comput.",
   year=1989,
   volume=10,
   pages="36-52"}

@article{v:92,
   author="{H. A.} {van der Vorst}",
   title="{B}i{CGSTAB}:  A fast and smoothly converging variant
          of {B}i{CG} for the solution of nonsymmetric linear
                  systems",
   journal = "SIAM J. Sci. Stat. Comput.",
   volume=13,
   year=1992,
   pages="631-644"}

@article{f:93,
   author="Roland W. Freund",
   title="A Transpose-Free Quasi-Minimal Residual Algorithm for
          Non-{H}ermitian Linear Systems",
   journal = "SIAM J. Sci. Stat. Comput.",
   volume=14,
   year=1993,
   pages="470-482"}

@article{ish:89,
  author="S. Ishizuka",
  title="An Experimental Study on Extinction and
         Stablity of Tubular Flames",
  journal="Combustion and Flame",
  volume=75,
  year=1989,
  pages="367-379"}

@book{williams89,
  TITLE = "Combustion Theory, The
           Fundamental Theory of Chemically Reacting Flow Systems",
  AUTHOR= "F.A. Williams",
  PUBLISHER = "Addison-Wesley",
  YEAR      = 1989,
  pages     = "367-379"}

@book{RA75,
author = {R. Aris},
title = {The Mathematical Theory of Diffusion and 
Reaction in Permeable Catalysts},
publisher = {Oxford},
year = {1975}
}

@book{Bebernes89,
author = {J. Bebernes and D. Eberly},
title = {Mathematical Problems from Combustion Theory},
publisher = {Springer-Verlag},
series = {Applied Mathematical Sciences 83},
year = {1989}
}

@inproceedings{Kikuchi89,
author = {F. Kikuchi},
booktitle = { Computing Methods in Applied Sciences and Engineering},
editor = {R. Glowinski and J. L. Lions},
publisher = {Springer-Verlag},
series = {Lecture Notes in Mathematics},
title = {Finite element approximations to bifurcation 
problems of turning point type},
year = {1977}
}

@article{RG85,
   author="R. Glowinski and H.B. Keller and L. Reinhart",
   title="Continuation-conjugate Gradient Methods fo the Least Squares
                  Solution of Nonlinear Boundary Problems",
   journal = "SIAM J. Sci. Stat. Comput.",
   volume=6,
   year=1985,
   pages="793-832"}

@InProceedings{whitfield91,
  author    = "D. Whitfield and L. Taylor",
  title     = "Discretized {N}ewton-Relaxation Solution of High
                  Resolution Flux-Difference Split Schemes",
  booktitle = "Proceedings of the AIAA Tenth Computational Fluid Dynamics Conference",
  misc      = "AIAA-91-1539",
  pages     = "134-145",
  year      = 1991,
}


@INPROCEEDINGS{Quinlan1,
 AUTHOR=    "M. Lemke and D. Quinlan",
 TITLE=     "P++, a {C}++ Virtual Shared Grids Based Programming
             Environment for Architecture-Independent Development of
                  Structured Grid Applications",
 BOOKTITLE= "CONPAR/VAPP V, Lecture Notes in Computer Science",
 PUBLISHER= "Springer Verlag",
 YEAR=      "1992"
}


@INPROCEEDINGS{Quinlan2,
 AUTHOR=    "R. Parsons and D. Quinlan",
 TITLE=     "A++/{P}++ Array Classes for Architecture Independent Finite
            Difference Computations",
 BOOKTITLE= "Proceedings of the Second Annual Object-Oriented Numerics
             Conference",
 YEAR=      "1994"
}

% *****  Overview of functionality in Diffpack

@inbook{DPoverview,
 author = "Bruaset, A. M. and Langtangen, H. P.",
 editor = "D{\ae}hlen, M. and Tveito, A.",
 booktitle = "Mathematical Models and Software Tools in Industrial 
           Mathematics",
 title = "A Comprehensive Set of Tools for Solving Partial Differential 
           Equations; {Diffpack}",
 publisher = "Birkh{\"{a}}user",
 pages = "61--90",
 year = 1997}


% *****  Short overview of Diffpack

@incollection{DPoverview2,
 author = "Bruaset, A. M. and Langtangen, H. P.",
 editor = "A. Sydow",
 booktitle = "Proceedings of the 15th IMACS World Congress
              on Scientific Computation, Modelling and Applied Mathematics",
 title = "Diffpack: A Software Environment for Rapid Prototyping of 
          {PDE} Solvers",
 pages = "553--558",
 volume = 4,
 year = 1997}


% *****  Comprehensive documentation of Diffpack and 
%        associated numerical methods:




@Book{DPbook,
  author =  "H. P. Langtangen",
  title =   "Numerical Solution of Partial Differential Equations; 
             Models, Algorithms and Software. Part I",
  series =  "Lecture Notes in Computational Science and Engineering",
  publisher =    "Springer-Verlag",
  year =         "1998"
}

% *****  Design issues of the linear solvers in Diffpack, serves also as a
%        collection of examples on O-O in numerical computing

@article{AmbHpl97a,
     author =   "A. M. Bruaset and H. P. Langtangen ",
     title  =   "Object-Oriented Design of Preconditioned Iterative
                  Methods in {Diffpack}",
     journal = "Transactions on Mathematical Software",
     volume = {23 },
     pages = "50--80",
     year = {1997}
}

@misc{DPURL,
      author  = "{{Diffpack} {W}eb page}",
      note = "See {\tt http://\-www.nobjects.com/\-Diffpack/}",
}
%      note = "\\ {URL:}~$<${\em http://www.nobjects.com/Diffpack/}$>$"}

% *****  General intro to object-oriented numerics for "FORTRAN programmers"

@incollection{OONintro,
 author = "Arge, E. and Bruaset, A. M. and H. P. Langtangen", 
 editor = "D{\ae}hlen, M. and Tveito, A.",
 booktitle = "Mathematical Models and Software Tools in Industrial Mathematics",
 title = "Object-Oriented Numerics",
 publisher = "Birkh{\"{a}}user",
 year = 1997}


% *****  Efficiency comparison: BLAS 1, Diffpack, C, 
%        and finite element applications (F77 vs Diffpack)

@incollection{DPefficiency,
 author = "Arge, E. and Bruaset, A. M. and Calvin, P. B. and 
          Kanney, J. F. and Langtangen, H. P. and Miller, C. T.",
 editor = "D{\ae}hlen, M. and Tveito, A.",
 booktitle = "Mathematical Models and Software Tools in Industrial 
             Mathematics",
 title = "On the Efficiency of {C++} in Scientific Computing",
 publisher = "Birkh{\"{a}}user",
 pages = "91--118",
 year = 1997}

% ***** Parallel concept in Diffpack:

@incollection{DPparallel,
 author = "A.~M.~Bruaset and X. Cai and H. P. Langtangen and A. Tveito",
 editor = "Y. Ishikawa and R. R. Oldehoeft and J. V. W. Reynders and M. Tholburn",
 booktitle = "Scientific Computing in Object-Oriented Parallel Environments",
 title = "Numerical Solution of {PDE}s on Parallel Computers Utilizing 
          Sequential Simulators",
 publisher = "Springer--Verlag",
 series = "Lecture Notes in Computer Science",
 pages = "161--168",
 year = 1997}

% ***** DD and ML methods in Diffpack:

@incollection{DPDDML,
 author = "A.~M.~Bruaset and H. P. Langtangen and G. W. Zumbusch",
 editor = "P. Bj{\o}rstad and M. Espedal and D. Keyes",
 booktitle = "Proceedings of the 9th Conference on Domain
              Decomposition",
 title = "Domain decomposition and multilevel methods in Diffpack",
 year = 1997}

@inproceedings{bsca98,
 author=    "David L. Bruhwiler and Svetlana G. Shasharina and John R. Cary and David Alexander",
 title=     "Design and Implementation of an Object Oriented C++ Library for Nonlinear Optimization",
 booktitle= "Proceedings of the SIAM Workshop on Object Oriented Methods for
             Inter-operable Scientific and Engineering Computing",
 editor=   "Mike Henderson et al.",
 pages=     "165-173",
 year=      "1998"
}



@BOOK{scalapack-user-guide, 
       AUTHOR = "L. S. Blackford and J. Choi and A. Cleary and E. D'Azevedo and
                 J. Demmel and I. Dhillon and J. Dongarra and S. Hammarling and
                 G. Henry and A. Petitet and K. Stanley and D. Walker and R. C. Whaley",
       TITLE = "Sca{LAPACK} Users' Guide",
       PUBLISHER = "SIAM",
       ADDRESS = "Philadelphia, PA",
       YEAR = 1997
}

@INPROCEEDINGS{KEYES99,  
        AUTHOR = "D. E. Keyes",
        TITLE = "How Scalable is Domain Decomposition in Practice?",
        BOOKTITLE = "Proceedings of the 11th International Conference on 
                     Domain Decomposition Methods",
        EDITOR = "C.-H. Lai et al.",
        PUBLISHER = "Domain Decomposition Press, Bergen",
        NOTE = "To appear",
        YEAR = "1999" } 

@article{fun3d,
author="W. K. Anderson and D. L. Bonhaus",
title="An implicit upwind algorithm for computing turbulent flows on unstructured grids",
journal="Computers and Fluids",
year=1994,
volume=23,
pages="1--21"
}

% -------------------------------------------------------------------------

@Article(torczon,
    Author=      "J.~E.~Dennis and V.~Torczon",
    Title=       "Direct Search Methods on Parallel Machines",
    Journal=     SIOPT,
    Volume=      1,
    Pages=       "448--474",
    Year=        1991,
    Key=         "Torczon !PDS")

@InProceedings{WT91,
  author    = "D. L. Whitfield and L. K. Taylor",
  title     = "Discretized {N}ewton-Relaxation Solution of High
                  Resolution Flux-Difference Split Schemes",
  booktitle = "Proceedings of the AIAA Tenth Annual Computational Fluid Dynamics Conference",
  misc      = "AIAA-91-1539",
  pages     = "134-145",
  year      = 1991,
}

@article{EW96, 
author="S. C. Eisenstat and  H. F. Walker",
title="Choosing the forcing terms in an inexact {N}ewton method",
journal=SISC,
volume=17,
year=1996, 
pages="16--32"
}

@Book{thi93,
  author = 	 "{Thinking Machines Corporation}",
  title = 	 "Users Manual for CM-Fortran",
  publisher = 	 "Thinking Machines Corporation",
  year = 	 1993
}

@Book{mortonmayers94,
  author = 	 "K. W. Morton and D. F. Mayers",
  title = 	 "Numerical Solution of Partial Differential Equations",
  publisher = 	 "Press Syndicate of the University of Cambridge",
  year = 	 1994
}

@Book{heath97,
  author = 	 "Michael T. Heath",
  title = 	 "Scientific Computing: An Introductory Survey",
  publisher = 	 "McGraw Hill",
  year = 	 1997
}

@Article{captools96,
  author    = "C. S. Ierotheou and S. P Johnson and M. Cross and P. F. Leggett",
  title     = "Computer Aided Parallelization Tools ({CAPTools}) - Conceptual 
               Overview and Performance on the Parallelization of Structured Mesh Codes",
  journal   = "Parallel Computing",
  volume    = 22,
  pages     = "197-226",
  year      = 1996
}


@Unpublished{ nastran-web-page,
  Author = "{MSC Software Corporation}",
  title = 	 "{NASTRAN} {W}eb page",
  note = 	 "See {\tt http://www.mechsolutions.com\-/products\-/nastran/}"
}

@Book{hpf,
  author = 	 "C. H. Koelbel and D. B. Loveman and R. S. Schreiber and G. L. Steele and M. E. Zosel",
  title = 	 "The High Performance Fotran Handbook",
  publisher = 	 "MIT Press",
  year = 	 "1994"
}

@inproceedings{keyes98,
        AUTHOR     = "D. E. Keyes",
        TITLE      = "Trends in Algorithms for Nonuniform Applications on Hierarchical Distributed Architectures",
        BOOKTITLE  = "Proceedings of the Workshop on Computational Aerosciences for the 21st Century",
        EDITORS    = "M. D. Salas and  W. K. Anderson",
        PPUBLISHER = "Elsevier",
        YEAR       = "1998"
}

@inproceedings{cca99,
        AUTHOR = "R. Armstrong and D. Gannon and A. Geist and K. Keahey and
                  S. Kohn and L. C. McInnes and S. Parker and B. Smolinski",
        TITLE = "Toward a Common Component Architecture for High-Performance
                 Scientific Computing",
        BOOKTITLE = "Proceedings of {High Performance Distributed Computing}",
        pages = "115--124",
        YEAR = "1999",
}

@misc {
   cca-web-page,
   author = "{Common Component Architecture Forum}",
   note   = "\url{http://www.cca-forum.org}"
}


@inproceedings{pooma-atlas,
author = "S. Atlas and S. Banerjee and J. C. Cummings and P. J. Hinker and
M. Srikant and J. V. W. Reynders and M. Tholburn",
title = "{POOMA}: A High-Performance Distributed Simulation Environment for
Scientific Applications",
year = 1995,
month = "December",
Booktitle = "Supercomputing '95 Proceedings",
}

% ---------------------------------------------------------------------------------
% New bib entries for CRPC paper

@misc {
   mgnet-web-page,
   author = "Craig C. Douglas",
   title  = "{MGNet Web page}",
   note   = "See {\tt http://\-www.mgnet.org}"
}

@misc {
   dagh-web-page,
   author = "M. Parashar and J. C. Browne",
   title  = "{DAGH Web page}",
   note   = "\url{http://www.caip.rutgers.edu/~parashar/DAGH}"
}

@misc {
   parasol-web-page,
   key    = "PARASOL",
   title  = "{PARASOL Web page}",
   note   = "See {\tt http://\-www.genias.de/\-projects/\-parasol}"
}

@misc {
   pooma-web-page,
   author  = "{POOMA Web page}",
   note   = "See {\tt http://\-www.acl.lanl.gov/pooma}"
}

@misc {
   mudpack-web-page,
   author = "John C. Adams",
   title  = "{MUDPACK Web page}",
   note   = "See {\tt http://\-www.scd.ucar.edu/\-css/\-software/\-mudpack}"
}

@misc {
   pellpack-web-page,
   author = "Elias Houstis and John Rice and Apostolos Hadjidimos",
   title  = "{Parallel ELLPACK Web page}",
   note   = "See {\tt http://\-www.cs.purdue.edu/\-research/\-cse/\-pellpack/}"
}

@inproceedings{pellpack95,
        AUTHOR = "E. N. Houstis and S. B. Kim and S. Markus and P. Wu and 
                  N. E. Houstis and A.C. Catlin and S. Weerawarana and T.S. Papatheodorou",
        TITLE = "Parallel {ELLPACK} Elliptic {PDE} Solvers", 
        BOOKTITLE = "Proceedings of INTEL Supercomputer User's Group Conference",
        ADDRESS = "Albuquerque, NM",
        YEAR = "1995",
}

@misc {
   nhse-web-page,
   author  = "{National High-Performance Software Exchange Web page}",
   note   = "See {\tt http://\-www.nhse.org}"
}

@misc {
   doug-web-page,
   author = "Mark J. Hagger and Linda Stals",
   title  = "{DOUG Web Page}",
   note   = "See {\tt http://\-www.maths.bath.ac.uk/\~{ }parsoft/\-doug/}"
}

@TECHREPORT{doug97,
        AUTHOR="Mark J. Hagger",
        TITLE="Automatic Domain Decomposition on Unstructured Grids {(DOUG)}",
        INSTITUTION="Mathematical Sciences, University of Bath",
        YEAR="1997",
        NUMBER="9706",
        NOTE= "Advances in Computational Mathematics (to appear)"
        }

@misc {
   ug-web-page,
   author  = "{UG Web Page}",
   note   = "See {\tt http://\-cox.iwr.uni-heidelberg.de/\~{ }ug/}"
}

@Article{ug97,
  author    = "P. Bastian and K. Birken and K. Johannsen and S. Lang and N. Neuss and
               H. Rentz-Reichert and C. Wieners",
  title     = "{UG} -- A Flexible Software Toolbox for Solving Partial Differential Equations",
  journal =   "Computing and Visualization in Science",
  year      = "1997",
  volume    = "",
  pages     = ""
}

@misc {
   vecfem-web-page,
   author = "Lutz Grosz",
   title  = "{VECFEM Web Page}",
   note   = "See {\tt http://\-wwwmaths.anu.edu.au/\-\~{ }vecfem/}"
}

@misc {
   atlas-web-page,
   author = "R. Clint {Whaley et al.}",
   title  = "{ATLAS Web Page}",
   note   = "\url{http://math-atlas.sourceforge.net}"
}

@misc {
   phipac-web-page,
   author = "J. A. Bilmes and K. Asanovic and R. Vudoc and S. Iyer and 
             J. Demmel and C. Chin and D. Lam",
   title  = "{PHiPAC Web Page}",
   note   = "See {\tt http://\-www.icsi.berkeley.edu/\-\~{ }bilmes/\-phipac/}"
}

@inproceedings{kelp,
    Author    = "Stephan J. Fink and Scott B. Baden and Scott R. Kohn",
    title     = "Flexible Communication Mechanisms for Dynamic Structured Applications",
    BOOKTITLE = "Irregular '96",
    YEAR      = "1996"
}

@Unpublished{ kelp-web-page,
  author =       "Scott Baden", 
  title = 	 "{KeLP} {W}eb page",
  note = 	 "See {\tt http://\-www-cse.ucsd.edu/\-groups/\-hpcl/\-scg/\-kelp/}",
}

@inproceedings {
   hk99,
   author    = "R. Hornung and S. Kohn",
   title     = "The Use of Object-Oriented Design Patterns in the {SAMRAI}
                Structured {AMR} Framework",
   booktitle = "Proceedings of the SIAM Workshop on Object-Oriented Methods
                for Inter-Operable Scientific and Engineering Computing",
   pages     = "235-244",
   year      = 1999,
   note      = "See \url{http://www.llnl.gov/CASC/samrai}"
}

@Unpublished{samrai-web-page,
  title   = "{SAMRAI} {W}eb Page",
  author = "Scott Kohn and Xabier Garaiza and Rich Hornung and Steve Smith",
  note      = "See {\tt http://www.llnl.gov/\-CASC/SAMRAI}",
}


@Unpublished{ overture-web-page,
  Author = "D. L. Brown and W. D. Henshaw and D. J. Quinlan",
  title = 	 "{Overture} {W}eb page",
  note = 	 "See {\tt http://www.llnl.gov\-/CASC\-/Overture}"
}

@INPROCEEDINGS{ overture99,
 AUTHOR=    "D.L. Brown and W.D. Henshaw and D.J. Quinlan",
 TITLE=     "Overture: An Object-Oriented Framework for Solving Partial Differential Equations 
             on Overlapping Grids",
 PUBLISHER= "SIAM",
 BOOKTITLE= "Proceedings of the SIAM Workshop on Object Oriented Methods for
                Inter-operable Scientific and Engineering Computing",
 year      = 1999,
 pages     = "215-224",
 note      = "See \url{http://www.llnl.gov/CASC/Overture}"
}

@inProceedings{diffpack,
    Author = "A.M. Bruaset and H.P. Langtangen",
    Title = "A Comprehensive Set of Tools for Solving Partial
                  Differential Equations: {D}iffpack",
    BOOKTITLE = "Numerical Methods and Software Tools in Industrial Mathematics",
    Year = 1997,
    pages = "61--90",
    Publisher = "Birkhauser Press"}

@Article{Dongarra:1984:ILA,
   author =       "J. J. Dongarra and F. G. Gustavson and A. Karp",
   title =        "Implementing Linear Algebra Algorithms for Dense
                  Matrices on a Vector Pipeline Machine",
   journal =      "SIAM Review",
   volume =       "26",
   number =       "1",
   pages =        "91--112",
   month =        jan,
   year =         "1984",
   coden =        "SIREAD",
   ISSN =         "0036-1445 (print), 1095-7200 (electronic)",
   mrclass =      "65F10 (65F30)",
   mrnumber =     "85c:65032",
   bibdate =      "Mon Jan 20 1997",
   abstract =     "The authors examine common implementations of linear
                  algebra algorithms, such as matrix-vector
                  multiplication, matrix-matrix multiplication and the
                  solution of linear equations. The different versions
                  are examined for efficiency on a computer architecture
                  which uses vector processing and has pipelined
                  instruction execution. By using the advanced
                  architectural features of such machines, one can
                  usually achieve maximum performance, and tremendous
                  improvements in terms of execution speed can be seen
                  over conventional computers.",
   acknowledgement = ack-nhfb,
   classification = "723; 921",
   journalabr =   "SIAM Rev",
   keywords =     "computer programming --- Algorithms; dense matrices;
                  linear algebra algorithms; mathematical programming;
                  vector pipeline machine",
}

@BOOK{qv99, 
       AUTHOR = "Alfio Quarteroni and Alberto Valli",
       TITLE = "Domain Decomposition Methods for Partial Differential Equations",
       PUBLISHER = "Oxford Science Publications",
       address = "Oxford",
       YEAR = 1999
}

@BOOK{ksv97, 
       EDITOR = "David E. Keyes and Ahmed Sameh and V. Venkatakrishnan",
       TITLE = "Parallel Numerical Algorithms",
       PUBLISHER = "Kluwer Academic Publishers",
       address = "the Netherlands",
       YEAR = 1997
}

@BOOK{saad96, 
       AUTHOR = "Yousef Saad",
       TITLE = "Iterative Methods for Sparse Linear Systems",
       PUBLISHER = "PWS Publishing Company",
       address = "Boston",
       YEAR = 1996
}

@BOOK{koniges00,
       EDITOR = "Alice E. Koniges",
       TITLE = "Industrial Strength Parallel Computing",
       PUBLISHER = "Morgan Kaufmann Publishers",
       address = "San Francisco",
       YEAR = 2000
}


@Misc{fftw-web-page,
  key = {Fftw},
  title =	 {{FFTW} {Web} page},
  note =	 {\texttt{http://www.fftw.org/}},
  annote =	 {fast FFT.  Parallel versions with MPI and Cilk}
}

@BOOK{NW99,
      AUTHOR="Jorge Nocedal and Stephen J. Wright",
      TITLE="Numerical Optimization",
      YEAR="1999",
      PUBLISHER="Springer-Verlag",
      address="New York"
      }

@book{szyperski98, 
       AUTHOR = "Clemens Szyperski",
       TITLE = "Component Software: Beyond Object-Oriented Programming",
       PUBLISHER = "ACM Press",
       address = "New York",
       YEAR = 1998
}

@article{broy98,
  Author = "Manfred Broy and Anton Deimel and Juergen Henn and Kai Koskimies and
            Franti\v{s}ek Pl\'{a}\v{s}il and Gustave Pomberger and Wolfgang Pree and Michael Stal
            and Clemens Szyperski",
  Title = "What Characterizes a (Software) Component?" ,
  Journal = "Software -- Concepts and Tools",
  Publisher = "Springer-Verlag",
  Year= 1998,
  volume = 19,
  pages = "49-56"
}

@Unpublished{spai-web-page,
  title = 	 "{SPAI} {W}eb {P}age",
  note = 	"http://www.sam.math.ethz.ch/\~{ }grote/spai/",
  author      = "Steven Bernard and Marcus Grote",
  institution = "NASA Ames Research Center and ETH Zurich"
}

@article( gh97,
    Author  = "M. J. Grote and T. Huckle",
    Title   = "Parallel Preconditioning with Sparse Approximate Inverses",
    Year    = 1997,
    Journal = "SIAM J. of Scient. Comput.",
    Volume  = 18,
    pages   = "838-853"
    )
@article( zhang96,
    Author = "Wen Zhang",
    Title  = "Using {MOL} to Solve a high order nonlinear {PDE} with a moving
         boundary in the simulation of a sintering process", 
    Year   = 1996,
    Journal = "Appl. Numer. Math.",
    Volume = 20,
    pages  = "235-244",
    )

@article( zhang98,
    Author = "Wen Zhang and Ian Gladwell",
    Title  = "The sintering of two particles by surface and grain boundary
         diffusion - a three-dimensional numerical study",
    Journal = "Comp. Mater. Sci.",
    year = 1998,
    volume = 12
    )

@inproceedings{MollerSchwartzbach01,
  AUTHOR = "Anders M\o{}ller and Michael I. Schwartzbach",
  TITLE = "The Pointer Assertion Logic Engine",
  BOOKTITLE = "ACM Proceedings of PLDI'01",
  YEAR = "2001",
}

@inproceedings{KlarlandSchwartzbach97,
  AUTHOR = "Nils Klarland and Michael I. Schwartzbach",
  TITLE = "A Domain-Specific Languages for Regular Sets of Strings and Trees",
  BOOKTITLE = "Proceedings of the Conference on Domain-Specific Languages",
  PUBLISHER = "USENIX",
  MONTH = "October",
  YEAR = "1997",
  ADDRESS = "Santa Barbara, CA",
}

@inproceedings{ConselMarlet98,
  AUTHOR = "C. Consel and R. Marlet",
  TITLE = "Architecturing software using a methodology for language development",
  BOOKTITLE = "Proceedings of the 10th International Symposium on Programming Languages, Implementations, Logics and Programs",
  YEAR = "1998",
  PAGES = "170-174",
  MONTH = "September",
  ADDRESS = "Pisa, Italy",
}

@misc{LeykekhmanTaniaKnepley03,
  title       = "The {P}oisson Problem",
  note        =	"\url{http://www.mcs.anl.gov/scidac-tops/tops/examples/poisson/poisson.html}",
  author      = "Dmitry Leykekhman and Nessy Tania and Matthew G. Knepley",
  institution = "Cornell University and Argonne National Laboratory"
}

@misc{sundials-web-page,
  title       = "{SUNDIALS} {W}eb Page",
  note        =	"\url{http://www.llnl.gov/CASC/sundials}",
  author      = "Allan Hindmarsh and Radu Serban and Carol Woodward",
  institution = "Lawrence Livermore National Laboratory"
}

@article{FiardManteuffelMcCormick98,
  author  = "J.-M. Fiard and T. Manteuffel and S. McCormick",
  title   = "First-order system least squares {(FOSLS)} for convection-diffusion problems: numerical results",
  journal = "SIAM J. Sci. Comp.",
  year    = 1998,
  volume  = 19,
  pages   = {1958--1979}
}

@inproceedings{Vuduc02,
  AUTHOR = "Richard Vuduc and James W. Demmel and Katherine A. Yelick and Shoaib Kamil and Rajesh Nishtala and Benjamin Lee",
  TITLE = "Performance Optimizations and Bounds for Sparse Matrix-Vector Multiply",
  BOOKTITLE = "Proceedings of Supercomputing",
  YEAR = "2002",
  MONTH = "November",
  ADDRESS = "Baltimore"
}

@article{BeckerRannacher01,
  author  = "R. Becker and R. Rannacher",
  title   = "An optimal control approach to a posteriori error estimation in finite element methods",
  journal = "Acta Numerica",
  year    = "2001",
  volume  = "10",
  pages   = {1--102}
}

@article{BabuskaMiller84a,
  author  = "I. Babu$\check{s}$ka and A.D. Miller",
  title   = "The post-processing approach in the finite element method, {I}: Calculations of displacements, stresses, and
other higher derivatives of the displacements",
  journal = "Int. J. Numer. Meth. Eng.",
  year    = "1984",
  volume  = "20",
  pages   = {1085--1109}
}

@article{BabuskaMiller84b,
  author  = "I. Babu$\check{s}$ka and A.D. Miller",
  title   = "The post-processing approach in the finite element method, {II}: The calculation of stress intensity
factors",
  journal = "Int. J. Numer. Meth. Eng.",
  year    = "1984",
  volume  = "20",
  pages   = {1111--1129}
}

@article{BabuskaMiller84c,
  author  = "I. Babu$\check{s}$ka and A.D. Miller",
  title   = "The post-processing approach in the finite element method, {III}: A posteriori error estimation and adaptive
mesh refinement",
  journal = "Int. J. Numer. Meth. Eng.",
  year    = "1984",
  volume  = "20",
  pages   = {2311--2324}
}

@unpublished{jtb-web-page,
  title       = "{The Java Tree Builder}",
  note        =	"See \url{http://www.cs.purdue.edu/jtb}",
  author      = "Jens Palsberg",
  institution = "Purdue University"
}

@unpublished{Palsberg98,
  title       = "Why Visitors?",
  note        =	"See \url{http://www.cs.purdue.edu/jtb/whyvisitors}",
  author      = "Jens Palsberg",
  institution = "Purdue University",
  year        = "1998"
}

@unpublished{ply-web-page,
  title       = "{PLY (Python Lex-Yacc)}",
  note        =	"\url{http://systems.cs.chicago.edu/ply}",
  author      = "David Beazley",
  institution = "University of Chicago"
}

@misc{adic-web-page,
  title       = "{ADIC Web page}",
  note        =	"\url{http://www.mcs.anl.gov/autodiff}",
  author      = "Paul Hovland and Uwe Naumann and Boyana Norris",
  institution = "Argonne National Laboratory"
}

@article{Naumann02,
  author  = "Uwe Naumann",
  title   = "Optimal accumulation of {J}acobian matrices by elimination methods on the dual computational graph",
  journal = "Mathematical Programming (to appear)",
  note    = "Preprint ANL/MCS-P944-0402, Argonne National Laboratory, April 2002",
  year    = "2003"
}

@Misc{ matlab-web-page,
  author =       "",
  title =        "{Matlab Web page}",
  howpublished = "\url{http://www.mathworks.com}",
  key   =        "{Matlab} {Web} page"
}

@misc{ veltisto-web-page,
  author =       "George Biros",
  title =        "{Veltisto Web page}",
  note =         "\url{http://www.cs.nyu.edu/~biros/veltisto}",
}

@misc{ parmetis-web-page,
  author =       "George {Karypis et al.}",
  title =        "{ParMETIS Web page}",
  note =         "\url{http://www.cs.umn.edu/~karypis/metis/parmetis}",
}

@misc{ sparskit-web-page,
  author =       "Yousef {Saad et al.}",
  title =        "{SPARSKIT Web page}",
  note =         "\url{http://www.cs.umn.edu/~saad/software/SPARSKIT/sparskit.html}",
}

@misc{ dscpack-web-page,
  author =       "Padma Raghavan",
  title =        "{DSCPACK Web page}",
  note =         "\url{http://www.cse.psu.edu/~raghavan/Dscpack}"
}

@Misc{ gaussian-web-page,
  author =       "",
  title =        "{Gaussian Web page}",
  note =         "\url{http://gaussian.com}",
  key =        "{Gaussian} {Web} page",
}

@Book{lapack-user-guide,
  author = 	 "E. Anderson and Z. Bai and C. Bischof and S. Blackford and J. Demmel and
                  J. Dongarra and J. Du Cris and A. Greenbaum and S. Hammarling and 
                  A. McKenney and D. Sorensen",
  title = 	 "LAPACK Users' Guide, Third Edition",
  publisher = 	 "SIAM",
  year = 	 "1999"
}

@Manual{	  nwchem4.1,
  author        = {High Performance Computational Chemistry Group},
  title		= {{NWChem}, A Computational Chemistry Package for Parallel
		  Computers, Version 4.1},
  year		= 2002,
  organization	= {Pacific Northwest National Laboratory},
  address	= {Richland, Washington 99325-0999 USA},
  note          = {See \url{http://www.emsl.pnl.gov/pub/docs/nwchem/}},
}

@Misc{ scidac-web-page,
  author =       "",
  title =        "{{SciDAC Initiative Web page}}",
  note =         "\url{http://www.osti.gov/scidac}",
  key =        "{SciDAC Initiative Web page}"
}

@Misc{cmrs:homepage,
  author =	 {Amitava {Bhattacharjee (PI)}},
  title =	 {{Center for Magnetic Reconnection Studies}},
  howpublished = {\url{http://www.physics.uiowa.edu/cmrs}}
}

@Misc{tops:homepage,
  author =	 {David {Keyes (PI)}},
  title =	 {{Terascale Optimal PDE Simulations (TOPS) Center}},
  howpublished = {\url{http://tops-scidac.org}}
}

@Misc{tstt:homepage,
  author =	 {David Brown and Jim Glimm and Lori Freitag},
  title =	 {{Terascale Simulation Tools and Technology (TSTT) Center}},
  howpublished = {\url{http://www.tstt-scidac.org}}
}

@Misc{petsc:applications,
  author =	 {B. {Smith et al.}},
  title =	 {{Scientific Applications Using {PETSc}}},
  howpublished = {\url{http://www.mcs.anl.gov/petsc/petsc-2/publications}}
}

@Misc{cemm:homepage,
  author =	 {Steve {Jardin (PI)}},
  title =	 {{Center for Extended MHD Modeling}},
  howpublished = {\url{http://w3.pppl.gov/CEMM}}
}

@Misc{m3d:homepage,
  author =	 {Steve {Jardin et al.}},
  title =	 {{M3D Web page}},
  howpublished = {\url{http://w3.pppl.gov/~jchen}}
}

@Misc{nimrod:homepage,
  author =	 {Carl R. {Sovinec et al.}},
  title =	 {{NIMROD Web page}},
  howpublished = {\url{http://nimrodteam.org}}
}

@misc{grace-web-page,
   author = "Manish {Parashar et al.}",
   title = "{GrACE Web Page}",
   howpublished  = "\url{http://www.caip.rutgers.edu/~parashar/TASSL/Projects/GrACE}",
}

@unpublished{KatzSpiegelman03,
  author  = "Richard F. Katz and Marc Spiegelman",
  title   = "A semi-{L}agrangian {C}rank-{N}icholson algorithm for the numerical solution of advection-diffusion problems",
  note    = "Columbia University, in preparation",
}

@misc{acts:homepage,
   author = "",
   title = "{Advanced CompuTational Software (ACTS) Web page}",
   howpublished  = "\url{http://acts.nersc.gov}",
   key = "{Advanced CompuTational Software (ACTS) Web page}",
}

@misc{superlu:homepage,
   author = "J. Demmel and J. Gilbert and X. Li",
   title = "{SuperLU Web page}",
   howpublished  = "\url{http://crd.lbl.gov/~xiaoye/SuperLU}"
}

@misc{hypre:homepage,
   author = "R. {Falgout et al.}",
   title = "{hypre Web page}",
   howpublished  = "\url{http://www.llnl.gov/CASC/hypre}"
}

@misc{trilinos:homepage,
   author = "M. {Heroux et al.}",
   title = "{Trilinos Web page}",
   howpublished  = "\url{http://software.sandia.gov/Trilinos}"
}

@misc{ase:homepage,
   author = "M. {Knepley et al.}",
   title = "{Argonne SIDL Environment Web page}",
   howpublished  = "\url{http://www.mcs.anl.gov/ase}"
}

@misc{mpib:homepage,
   author = "M. {Knepley et al.}",
   title = "{Argonne MPIB Web page}",
   howpublished  = "\url{http://www.mcs.anl.gov/mpib}"
}

@misc{mesh:homepage,
   author = "M. {Knepley et al.}",
   title = "{TOPS Mesh Interface Web page}",
   howpublished  = "\url{http://www.mcs.anl.gov/petsc/sidl/TOPS.html#TOPS.Mesh}"
}


@misc{expression:homepage,
   author = "M. {Knepley et al.}",
   title = "{TOPS Expression Graph Interface Web page}",
   howpublished  = "\url{http://www.mcs.anl.gov/petsc/sidl/TOPS.html#TOPS.Expression}"
}

@article{MaltsevSelkov00,
  author  = "R. Overbeek and N. Larsen and G. Pusch and M. D'Souza and E. Selkov Jr. and N. Kyrpides and M. Fonstein and N. Maltsev and E. Selkov",
  title   = "{WIT}: {I}ntegrated system for high-throughput genome sequence analysis and metabolic reconstruction",
  journal = "Nucleic Acids Res.",
  year    = "2000",
  month   = "January",
  pages   = "123-125",
  volume  = "28",
  number  = "1",
}

@article{SelkovMaltsev97,
  author  = "E. Selkov and N. Maltsev and G.J. Olsen and R. Overbeek and W. B. Whitman",
  title   = "A reconstruction of the metabolism of Methanococcus jannaschii from sequence data",
  journal = "Gene",
  year    = "1997",
  pages   = "GC11-GC26",
  volume  = "197",
  number  = "1-2",
}

@unpublished{Kirby03,
  title       = "A posteriori error estimates for the mixed hybrid finite element method",
  note        =	"\url{http://www.ices.utexas.edu/~clint/nsf/apostmfem.ps}",
  author      = "Ricahrd Kirby",
  institution = "University of Chicago"
}

@article{BarthLarson00,
  author  = "T. J. Barth and M. G. Larson",
  title   = "{\em A posteriori} Error Estimation for Discontiuous Galerkin Approximations of Hyperbolic Systems",
  journal = "LNCS",
  year    = "2000",
  volume  = "11",
  publisher = "Spinger-Verlag",
}

@Article{xu1,
  author    = "J. Xu",
  title     = "Iterative Methods by Space Decomposition and Subspace Correction",
  journal =   "SIAM Review",
  volume = "34",
  pages = "581--613",
  year      = 1992
}

@Article{brandt2,
  author    = "A. Brandt",
  title     = "Multi-level adaptive solutions to boundary value problems",
  journal =   "Math. Comp.",
  volume = "31",
  pages = "333--390",
  year      = 1977
}

@Article{amge1,
  author    = "M. Brezina and A. J. Cleary and R. D. Falgout and V. E. Henson and J. E. Jones and T. A. Manteuffel and 
                S. F. McCormick and J. W. Ruge"
  title     = "Algebraic Multigrid Based on Element Interpolation (AMGe)",
  journal =   "SISC"
  volume = "22",
  pages = "1570--1592",
  year      = 2000
}

@BOOK{brandt1,
       AUTHOR = "A. Brandt",
       TITLE = "Multigrid Techniques: 1984 Guide with Applications to Fluid Dynamics",
       PUBLISHER = "GMD-Studien Nr. 85, Gesellschaft fur Mathematik und Dataenverarbeitung",
       address = "St. Augustin, Bonn",
       YEAR = 1984
}

@BOOK{bramble1,
       AUTHOR = "J. H. Bramble",
       TITLE = "Multigrid Methods",
       PUBLISHER = "Longman Scientific and Technical",
       address = "Essex, England",
       YEAR = 1993
}

@BOOK{arpack98,
       AUTHOR = "R. B. Lehoucq and D. C. Sorensen and C. Yang",
       TITLE = "ARPACK, Users' Guide",
       PUBLISHER = "SIAM",
       YEAR = 1998
}

@Article{bbder96,
  author    = "R. Barrett and M.  Berry and J. Dongarra and V. Eijkhout and C. Romine",  
  title     = "Algorithmic bombardment for the iterative solution of linear systems: A polyIterative approach",
  journal   = "J. of Computational and Applied Mathematics",
  year      = "1996",
  volume    = "74",
  pages     = "91--110"
}

@Article{egks94,
  author    = "A. Ern and V. Giovangigli and D. E. Keyes and M. D. Smooke",
  title     = "Towards polyalgorithmic linear system solvers for nonlinear elliptic problems,",
  journal =   SISC,
  year      = "1994",
  volume    = "15",
  number    = "3",
  pages     = "681--703"
}

@Article{dftb02,
  author    = "P. Zapol and M. Sternberg and L.A. Curtiss and Th. Frauenheim and D.M. Gruen",
  title     = "Tight-binding molecular-dynamics simulation of impurities in ultrananocrystalline diamond grain boundaries,",
  journal =   Phys. Rev,
  year      = "2002",
  volume    = "B 65",
  number    = "045403",
  pages     = ""
}